@ONLINE{certbot,
    title = "Certbot -- About",
    author = {{Electronic Frontier Foundation}},
    url = "https://certbot.eff.org/about/",
    note = "[cit. 2017-10-18]"
}

@ONLINE{lets_encrypt_faq,
    title = "Let's Encrypt -- Frequently Asked Questions",
    author = {{Electronic Frontier Foundation}},
    year = 2017,
    url = "https://letsencrypt.org/docs/faq/",
    note = "[cit. 2017-11-07]"
}

@ONLINE{cert_arduino,
    title = "Firmware and certificates Updater",
    author = {{Arduino}},
    year = 2016,
    url = "https://www.arduino.cc/en/Tutorial/FirmwareUpdater",
    note = "[cit. 2017-11-08]"
}

@ONLINE{cert_wallen,
    title = "When are self-signed certificates acceptable for businesses?",
    author = "Jack Wallen",
    year = 2017,
    url = "https://www.techrepublic.com/article/when-are-self-signed-certificates-acceptable-for-businesses/",
    note = "[cit. 2017-11-08]"
}

@ONLINE{ard_web,
    title = "Web Client",
    author = {{Arduino}},
    url = "https://www.arduino.cc/en/Tutorial/WebClient",
    year = 2015,
    note = "[cit. 2017-10-25]"
}

@ONLINE{esp_web,
    title = "esp8266wifi -- Client Example",
    author = "Ivan Grokhotkov",
    url = "https://github.com/esp8266/Arduino/blob/master/doc/esp8266wifi/client-examples.rst",
    year = 2017,
    note = "[cit. 2017-10-25]"
}

@ONLINE{mqtt_eclipse,
    title = "MQTT and CoAP, IoT Protocols",
    author = "Toby Jaffey",
    year = 2014,
    url = "https://eclipse.org/community/eclipse_newsletter/2014/february/article2.php",
    note = "[cit. 2017-11-12]"
}

@ONLINE{
    mqtt_mosquitto_wiki,
    title = "Mosquitto Message Broker",
    author = "Cullen Newsom",
    year = 2016,
    url = "https://github.com/mqtt/mqtt.github.io/wiki/Mosquitto-Message-Broker",
    note = "[cit. 2017-11-16]"
}

@ONLINE{
    mqtt_valerie,
    title = " What is MQTT and how does it work with WebSphere MQ? ",
    author = "Valerie Lampkin",
    year = 2012,
    url = "https://www.ibm.com/developerworks/mydeveloperworks/blogs/aimsupport/entry/what_is_mqtt_and_how_does_it_work_with_websphere_mq?lang=en",
    note = "[cit. 2017-10-25]"
}

@ONLINE{
    mqtt_mosquitto_tsl,
    title = "mosquitto.tls -- Mosquitto Manual",
    author = "Roger Light",
    url = "https://mosquitto.org/man/mosquitto-tls-7.html",
    note = "[cit. 2017-11-20]"
}

@ONLINE{
    mqtt_mosquitto_conf,
    title = "mosquitto.conf -- Mosquitto Manual",
    author = "Roger Light",
    url = "https://mosquitto.org/man/mosquitto-conf-5.html",
    note = "[cit. 2017-11-20]"
}

@ONLINE{
    libmosquitto_man,
    title = "libmosquitto -- Mosquitto Manual",
    author = "Roger Light",
    url = "https://mosquitto.org/man/libmosquitto-3.html",
    note = "[cit. 2017-11-21]"
}

@ONLINE{
    mosquitto_python,
    title = "Python -- Mosquitto Documentation",
    author = {{Eclipse Foundation}},
    url = "https://mosquitto.org/documentation/python/",
    note = "[cit. 2017-11-21]"
}

@ONLINE{
    paho_embedded,
    title = "Embedded MQTT C/C++ Client Libraries",
    author = {{Eclipse Foundation}},
    url = "http://www.eclipse.org/paho/clients/c/embedded/",
    note = "[cit. 2017-11-21]"
}

@ONLINE{
    paho_cpp_doc,
    title = "Paho C++ Documentation",
    author = {{Eclipse Foundation}},
    url = "http://www.eclipse.org/paho/files/cppdoc/index.html",
    note = "[cit. 2017-11-21]"
}

@ONLINE{
    paho_pyt_doc,
    title = "Paho Python Documentation",
    author = {{Eclipse Foundation}},
    url = "https://pypi.python.org/pypi/paho-mqtt",
    note = "[cit. 2017-11-21]"
}

@ONLINE {
    ca_nguyen,
    title = "OpenSSL Certificate Authority",
    author = "Jamie Nguyen",
    year = 2015,
    url = "https://jamielinux.com/docs/openssl-certificate-authority/",
    note = "[cit. 2017-11-20]"
}

@ONLINE {
    sqlite_about,
    title = "About SQLite",
    url = "https://www.sqlite.org/about.html",
    note = "[cit. 2017-12-12]"
}

@ONLINE{rpi_benchoff,
    title = "Introducing the Raspberry Pi 3",
    author = "Brian Benchoff",
    year = 2016,
    url = "https://hackaday.com/2016/02/28/introducing-the-raspberry-pi-3/",
    note = "[cit. 2018-01-25]"
}

@ONLINE{rpi_rtc_ada,
    title = "Adding a Real Time Clock to Raspberry Pi",
    author = "{{Adafruit}}",
    year = 2016,
    url = "https://learn.adafruit.com/adding-a-real-time-clock-to-raspberry-pi/overview",
    note = "[cit. 2018-01-25]"
}

@ONLINE{zybo_man,
    title = "ZYBO FPGA Board Reference Manual",
    author = "{{Digilent}}",
    year = 2016,
    url = "https://reference.digilentinc.com/_media/zybo:zybo_rm.pdf",
    note = "[cit. 2018-01-29]"
}
